
@article{ruiz_les_1942,
	title = {Les études scientifiques et la géographie en Espagne au {XVIIIe} siècle},
	volume = {44},
	rights = {free},
	url = {https://www.persee.fr/doc/hispa_0007-4640_1942_num_44_2_2927},
	doi = {10.3406/hispa.1942.2927},
	pages = {103--153},
	number = {2},
	journaltitle = {Bulletin hispanique},
	author = {Ruiz, Reparaz and De, Gonzalo},
	urldate = {2022-07-02},
	date = {1942},
	note = {Publisher: Persée - Portail des revues scientifiques en {SHS}},
	file = {Snapshot:/home/anahi/snap/zotero-snap/common/Zotero/storage/M23B3E3Y/hispa_0007-4640_1942_num_44_2_2927.html:text/html},
}

@book{perez_bustamante_antonio_1968,
	location = {Madrid, Espagne},
	title = {Antonio de Alcedo y su "Memoria" para la continuación de las "décadas" de Herrera},
	pagetotal = {76},
	publisher = {Consejo superior de investigaciones científicas},
	author = {Pérez Bustamante, Ciriaco and Alcedo, Antonio de},
	date = {1968},
	keywords = {Alcedo (1735-..), Alcedo, Antonio de, 1736-1812. Memoria sobre el mejor medio de continuación de las "décadas" de la historia de las Indias occidentales, Amérique latine -- Historiographie -- Sources, Herrera (...-1625), Herrera y Tordesillas, Antonio de, 1559-1625. Historia general de las Indias occidentales},
	file = {Library Catalog Entry Snapshot:/home/anahi/snap/zotero-snap/common/Zotero/storage/IZYNA5BT/SRCH.html:text/html},
}

@incollection{lusebrink_origines_2020,
	location = {Paris},
	title = {Origines coloniales de l'encyclopédisme sud-américain Le Diccionario geográfico-histórico de las Indias Occidentales ó América (1786-1789) d'Antonio de Alcedo},
	isbn = {978-2-406-10100-0},
	url = {https://classiques-garnier.com/ecrire-l-encyclopedisme-du-xviiie-siecle-a-nos-jours-origines-coloniales-de-l-encyclopedisme-sud-americain.html},
	series = {Le dix-huitième siècle, n° 34 in Rencontres},
	abstract = {Le Diccionario geográfico-histórico de las Indias Occidentales peut être considéré comme le premier ouvrage encyclopédique sud-américain, faisant preuve de l’ambition délibérée de saisir l’ensemble des connaissances sur les Amériques. En même temps, l’œuvre manifeste d’une perspective résolument sud-américaine. Ce projet ambitieux et sa traduction anglaise étaient étroitement liés à la biographie de l’auteur, ainsi qu’au contexte politique et culturel des années 1780 et du tournant du siècle.},
	volumes = {467},
	pages = {95--113},
	publisher = {Classiques Garnier},
	author = {Lüsebrink, Hans-Jürgen},
	urldate = {2022-07-04},
	date = {2020-09-09},
	doi = {10.15122/isbn.978-2-406-10100-0.p.0095},
	keywords = {Amérique du Sud, culture du savoir, Dictionnaire encyclopédique, littérature xviiie siècle, Lumières},
}

@incollection{burnard_tei_2015,
	location = {Marseille},
	title = {La {TEI} et le {XML}},
	rights = {{CC} {BY}-{NC}-{ND} 4.0},
	isbn = {978-2-8218-5581-6},
	url = {http://books.openedition.org/oep/1298},
	series = {Encyclopédie numérique},
	booktitle = {Qu’est-ce que la Text Encoding Initiative ?},
	publisher = {{OpenEdition} Press},
	author = {Burnard, Lou},
	urldate = {2022-07-27},
	date = {2015-10-28},
	langid = {french},
	note = {Code: Qu’est-ce que la Text Encoding Initiative ?},
	keywords = {édition électronique, édition numérique, encodage de textes, humanités numériques, {TEI}, {XML}},
}

@book{greilich_ecrire_2020,
	location = {Paris},
	title = {Écrire l'encyclopédisme, du {XVIIIe} siècle à nos jours},
	series = {Rencontres},
	number = {34},
	publisher = {Classiques Garnier},
	author = {Greilich, Susanne and Lüsebrink, Hans-Jürgen},
	date = {2020},
}

@book{alcedo_diccionario_1786,
	location = {Madrid},
	title = {Diccionario geográfico-histórico de las Indias Occidentales ó América: es á saber: de los reynos del Perú, Nueva España, Tierra Firme, Chile, y Nuevo reyno de Granada.},
	url = {https://catalog.hathitrust.org/Record/010448780},
	shorttitle = {Diccionario geográfico-histórico de las Indias Occidentales ó América},
	pagetotal = {5 v.},
	publisher = {En la impr. de B. Cano etc.},
	author = {Alcedo, Antonio de},
	urldate = {2022-08-16},
	date = {1786},
	keywords = {Latin America, America, Gazetteers},
}

@online{stangl_digital_2020,
	title = {Digital Resources: {HGIS} de las Indias},
	url = {https://oxfordre.com/latinamericanhistory/view/10.1093/acrefore/9780199366439.001.0001/acrefore-9780199366439-e-822},
	shorttitle = {Digital Resources},
	abstract = {"Digital Resources: {HGIS} de las Indias" published on  by Oxford University Press.},
	titleaddon = {Oxford Research Encyclopedia of Latin American History},
	author = {Stangl, Werner},
	urldate = {2022-08-25},
	date = {2020-04-30},
	langid = {english},
	doi = {10.1093/acrefore/9780199366439.013.822},
	note = {{ISBN}: 9780199366439},
	file = {Snapshot:/home/anahi/snap/zotero-snap/common/Zotero/storage/VILNB46N/acrefore-9780199366439-e-822.html:text/html},
}

@book{nouvel_les_2015,
	title = {Les entités nommées pour le traitement automatique des langues},
	isbn = {978-1-78405-104-4},
	url = {https://books.google.fr/books?id=djVgDwAAQBAJ&printsec=frontcover&redir_esc=y#v=onepage&q&f=false},
	abstract = {Le monde numérisé et connecté produit de grandes quantités de données. Analyser automatiquement le langage naturel est un enjeu majeur pour les applications de recherches sur le Web, de suivi d\&\#39;actualités, de fouille, de veille, d\&\#39;opinion, etc. Les recherches menées en extraction d\&\#39;information ont montré l\&\#39;importance de certaines unités, telles que les noms de personnes, de lieux et d’organisations, les dates ou les montants. Le traitement de ces éléments, les « entités nommées », a donné lieu au développement d\&\#39;algorithmes et de ressources utilisées par les systèmes informatiques.Théorique et pratique, cet ouvrage propose des outils pour définir ces entités, les identifier, les lier à des bases de connaissance ou pour procéder à l’évaluation des systèmes.},
	pagetotal = {169},
	publisher = {{ISTE} Group},
	author = {Nouvel, Damien and Ehrmann, Maud and Rosset, Sophie},
	date = {2015-10-01},
	langid = {french},
	note = {Google-Books-{ID}: {djVgDwAAQBAJ}},
}

@article{audelan_geolocaliser_2016,
	title = {Géolocaliser des cartes anciennes : procédure},
	rights = {https://creativecommons.org/licenses/by-nc-sa/4.0/},
	issn = {1623-5770},
	url = {https://journals.openedition.org/cem/14148},
	doi = {10.4000/cem.14148},
	shorttitle = {Géolocaliser des cartes anciennes},
	abstract = {Cette expérience s'est déroulée en octobre 2013 dans le cadre d'un stage de quatre semaines de quatre étudiantes de l'École des Chartes dans un fonds privé d'archives (les archives du château de Montjeu, à côté d'Autun). L'objectif était de rassembler la documentation toponymique disponible pour une commune (celle de Broye) et de l'insérer de manière structurée, par « couches », dans une base de données spatiales (système d'information géographique libre, {QGIS}), de manière à pouvoir faire ressortir les types d'information originaux que peut permettre d'obtenir une telle structuration. On évoquera d'abord les opérations effectuées et les difficultés rencontrées ; puis on présentera les pistes d'analyse brièvement parcourues ; enfin, tenant compte du potentiel nouveau et des difficultés signalées, on suggérera les directions dans lesquelles il paraît le plus utile et le plus urgent de porter les efforts futurs.},
	issue = {Hors-série n° 9},
	journaltitle = {Bulletin du centre d’études médiévales d’Auxerre {\textbar} {BUCEMA}},
	author = {Audelan, Claire and Humbert, Marion and Lescuyer, Clémence and Motte, Constance de Vergnette de la and Guerreau, sous la direction d’Alain},
	urldate = {2022-09-08},
	date = {2016-02-29},
	langid = {french},
	note = {Number: Hors-série n° 9
Publisher: Centre d’études médiévales Saint-Germain d’Auxerre},
	keywords = {cartographie, géolocaliser, {QGIS}},
	file = {Full Text PDF:/home/anahi/snap/zotero-snap/common/Zotero/storage/IRLYMVSX/Audelan et al. - 2016 - Géolocaliser des cartes anciennes  procédure.pdf:application/pdf},
}

@phdthesis{stern:tel-00939420,
  TITLE = {{Identification automatique d'entit{\'e}s pour l'enrichissement de contenus textuels}},
  AUTHOR = {Stern, Rosa},
  URL = {https://tel.archives-ouvertes.fr/tel-00939420},
  SCHOOL = {{Universit{\'e} Paris-Diderot - Paris VII}},
  YEAR = {2013},
  MONTH = Jun,
  KEYWORDS = {information extraction ; semantic web ; semantic annotation ; entities ; named entitiy recognition ; linking ; extraction d'information ; web s{\'e}mantique ; annotation s{\'e}mantique ; linked data ; entit{\'e}s ; reconnaissance d'entit{\'e}s nomm{\'e}es ; liage},
  TYPE = {Theses},
  PDF = {https://tel.archives-ouvertes.fr/tel-00939420/file/these.pdf},
  HAL_ID = {tel-00939420},
  HAL_VERSION = {v1},
}

@online{noauthor_identification_nodate,
	title = {Identification automatique d'entités pour l'enrichissement de contenus textuels - {TEL} - Thèses en ligne},
	url = {https://tel.archives-ouvertes.fr/tel-00939420},
	urldate = {2022-09-14},
}

@article{brando_reden_2016,
	title = {{REDEN}: Named Entity Linking in Digital Literary Editions Using Linked Data Sets},
	rights = {Copyright (c) 2016 Complex Systems Informatics and Modeling Quarterly},
	issn = {2255-9922},
	url = {https://csimq-journals.rtu.lv/article/view/csimq.2016-7.04},
	doi = {10.7250/csimq.2016-7.04},
	shorttitle = {{REDEN}},
	abstract = {This paper proposes a graph-based Named Entity Linking ({NEL}) algorithm named {REDEN} for the disambiguation of authors’ names in French literary criticism texts and scientific essays from the 19th and early 20th centuries. The algorithm is described and evaluated according to the two phases of {NEL} as reported in current state of the art, namely, candidate retrieval and candidate selection. {REDEN} leverages knowledge from different Linked Data sources in order to select candidates for each author mention, subsequently crawls data from other Linked Data sets using equivalence links (e.g., owl:{sameAs}), and, finally, fuses graphs of homologous individuals into a non-redundant graph well-suited for graph centrality calculation; the resulting graph is used for choosing the best referent. The {REDEN} algorithm is distributed in open-source and follows current standards in digital editions ({TEI}) and semantic Web ({RDF}). Its integration into an editorial workflow of digital editions in Digital humanities and cultural heritage projects is entirely plausible. Experiments are conducted along with the corresponding error analysis in order to test our approach and to help us to study the weaknesses and strengths of our algorithm, thereby to further improvements of {REDEN}.},
	pages = {60--80},
	number = {7},
	journaltitle = {Complex Systems Informatics and Modeling Quarterly},
	author = {Brando, Carmen and Frontini, Francesca and Ganascia, Jean-Gabriel},
	urldate = {2022-09-14},
	date = {2016-07-29},
	langid = {american},
	note = {Number: 7},
	keywords = {data fusion, digital humanities, graph centrality, linked data, Named Entity Linking},
	file = {Full Text PDF:/home/anahi/snap/zotero-snap/common/Zotero/storage/7NTE9NTT/Brando et al. - 2016 - REDEN Named Entity Linking in Digital Literary Ed.pdf:application/pdf},
}

@article{dupont_structuration_nodate,
	title = {La structuration dans les entités nommées},
	pages = {213},
	author = {Dupont, Yoann},
	file = {Dupont - La structuration dans les entités nommées.pdf:/home/anahi/snap/zotero-snap/common/Zotero/storage/Z3K3XQY6/Dupont - La structuration dans les entités nommées.pdf:application/pdf},
}

@article{gil_formas_2015,
	title = {Formas alternativas de visualização de dados na área de História: algumas notas de pesquisa},
	rights = {Copyright (c) 2015 Revista de História},
	issn = {2316-9141},
	url = {https://www.revistas.usp.br/revhistoria/article/view/106234},
	doi = {10.11606/issn.2316-9141.rh.2015.106234},
	shorttitle = {Formas alternativas de visualização de dados na área de História},
	abstract = {O objetivo deste artigo é apresentar algumas inquietações teóricas e metodológicas sobre a forma como os historiadores representam o conhecimento histórico, dando especial atenção ao uso de gráficos interativos, mapas dinâmicos e animações. Se o objeto do conhecimento histórico tem diferentes movimentos, distintas intensidades, por que seria o papel impresso o principal (senão único) veículo de divulgação deste conhecimento? Diante de objeto tão escorregadio e de difícil apreensão, os historiadores optaram, desde o século {XIX} até o presente, por narrar (através da escrita) as dinâmicas sociais, sem preocupação com formas alternativas de representação. Muito recentemente, o fenômeno das mídias digitais e da internet trouxe inspiração para os profissionais do tempo social, permitindo algumas experiências inovadoras. É sobre algumas destas experiências que o texto tratará.},
	pages = {427--455},
	number = {173},
	journaltitle = {Revista de História},
	author = {Gil, Tiago Luís and Barleta, Leonardo},
	urldate = {2022-09-14},
	date = {2015-12-17},
	langid = {portuguese},
	note = {Number: 173},
	keywords = {gráficos e diagramas},
	file = {Full Text PDF:/home/anahi/snap/zotero-snap/common/Zotero/storage/3Y5E3672/Gil et Barleta - 2015 - Formas alternativas de visualização de dados na ár.pdf:application/pdf},
}

@article{vilar_trajectoire_1970,
	title = {La trajectoire des curiosités espagnoles sur les Indes : Trois siècles «d'interrogatorios» et «relaciones»},
	volume = {6},
	rights = {free},
	url = {https://www.persee.fr/doc/casa_0076-230x_1970_num_6_1_1020},
	doi = {10.3406/casa.1970.1020},
	shorttitle = {La trajectoire des curiosités espagnoles sur les Indes},
	pages = {247--308},
	number = {1},
	journaltitle = {Mélanges de la Casa de Velázquez},
	author = {Vilar, Sylvia},
	urldate = {2022-09-14},
	date = {1970},
	note = {Publisher: Persée - Portail des revues scientifiques en {SHS}},
}

@article{pinche_annoter_2019,
	title = {Annoter facilement un corpus complexe},
	url = {https://halshs.archives-ouvertes.fr/halshs-02330147},
	doi = {10.5281/zenodo.3464473},
	journaltitle = {Actes des Rencontres lyonnaises des jeunes chercheurs en linguistique historique},
	author = {Pinche, Ariane},
	urldate = {2022-04-12},
	date = {2019},
	langid = {french},
	file = {Full Text PDF:/home/anahi/snap/zotero-snap/common/Zotero/storage/XJIQNHUB/Pinche - 2019 - Annoter facilement un corpus complexe.pdf:application/pdf;Snapshot:/home/anahi/snap/zotero-snap/common/Zotero/storage/GJS5GAHX/halshs-02330147.html:text/html},
}

@article{joyeux-prunel_bases_2018,
	title = {Bases de données et gestion de projets en humanités numériques},
	rights = {Biens Symboliques / Symbolic Goods},
	issn = {2490-9424},
	url = {https://journals.openedition.org/bssg/242},
	doi = {10.4000/bssg.242},
	abstract = {1. Comment est né le projet de base de données ? Le projet {ARTL}@S met à disposition des chercheur·se·s une base numérique de catalogues d’expositions partout dans le monde aux xixe et xxe siècles. Les adresses contenues dans ces catalogues sont géoréférencées, quelles que soient les époques et les géographies. Cet outil est pensé pour permettre aussi bien des recherches monographiques qu’un travail sur les circulations des œuvres d’art, la construction des carrières et des goûts dans ce proce...},
	number = {2},
	journaltitle = {Biens Symboliques / Symbolic Goods. Revue de sciences sociales sur les arts, la culture et les idées},
	author = {Joyeux-Prunel, Béatrice},
	urldate = {2022-02-27},
	date = {2018-02-19},
	langid = {french},
	note = {Number: 2
Publisher: Presses Universitaires de Vincennces},
	file = {Full Text PDF:/home/anahi/snap/zotero-snap/common/Zotero/storage/I8DYU9ZV/Joyeux-Prunel - 2018 - Bases de données et gestion de projets en humanité.pdf:application/pdf},
}

@incollection{goos_disambiguating_2001,
	location = {Berlin, Heidelberg},
	title = {Disambiguating Geographic Names in a Historical Digital Library},
	volume = {2163},
	isbn = {978-3-540-42537-3 978-3-540-44796-2},
	url = {http://link.springer.com/10.1007/3-540-44796-2_12},
	abstract = {Geographic interfaces provide natural, scalable visualizations for many digital library collections, but the wide range of data in digital libraries presents some particular problems for identifying and disambiguating place names. We describe the toponym-disambiguation system in the Perseus digital library and evaluate its performance. Name categorization varies signiﬁcantly among diﬀerent types of documents, but toponym disambiguation performs at a high level of precision and recall with a gazetteer an order of magnitude larger than most other applications.},
	pages = {127--136},
	booktitle = {Research and Advanced Technology for Digital Libraries},
	publisher = {Springer Berlin Heidelberg},
	author = {Smith, David A. and Crane, Gregory},
	editor = {Constantopoulos, Panos and Sølvberg, Ingeborg T.},
	editorb = {Goos, Gerhard and Hartmanis, Juris and van Leeuwen, Jan},
	editorbtype = {redactor},
	urldate = {2022-07-23},
	date = {2001},
	langid = {english},
	doi = {10.1007/3-540-44796-2_12},
	note = {Series Title: Lecture Notes in Computer Science},
	file = {Smith et Crane - 2001 - Disambiguating Geographic Names in a Historical Di.pdf:/home/anahi/snap/zotero-snap/common/Zotero/storage/P2B6GRXR/Smith et Crane - 2001 - Disambiguating Geographic Names in a Historical Di.pdf:application/pdf},
}

@book{poibeau_extraction_2003,
	title = {Extraction automatique d'information : Du texte brut au web sémantique},
	url = {https://hal.archives-ouvertes.fr/hal-00005506},
	shorttitle = {Extraction automatique d'information},
	abstract = {Les entreprises et les particuliers sont confrontés à une masse d'information sans cesse croissante. Partant de ce constat, de nombreux systèmes ont été conçus pour filtrer, trier et catégoriser l'information. L'offre est en revanche beaucoup plus faible en ce qui concerne l'analyse du contenu. Extraction automatique d'information - du texte brut au web sémantique présente les progrès récents en extraction d'information et en compréhension de textes. Les recherches effectuées ces dernières années dans le domaine du traitement automatique des langues rendent en effet possible l'annotation sémantique de documents, l'extraction d'information pertinente et la création de bases de connaissances structurées à partir de textes en langage naturel. L'ouvrage rappelle les grands courants de recherche qui ont marqué le domaine de la compréhension automatique de textes par ordinateur. Il se poursuit par la présentation détaillée d'un système appelé {SEMTEX}, qui est appliqué à une grande variété de textes et de situations différentes. Les applications détaillées donnent des perspectives sur le web sémantique et l'ingénierie des connaissances.},
	pagetotal = {238},
	publisher = {Lavoisier},
	author = {Poibeau, Thierry},
	urldate = {2022-07-18},
	date = {2003},
	keywords = {extraction d'information, informatique, linguistique, recherche d'information, traitement des langues},
	file = {HAL Snapshot:/home/anahi/snap/zotero-snap/common/Zotero/storage/R3XVHKBK/hal-00005506.html:text/html},
}